@article{tukey1962future,
  title={The future of data analysis},
  author={Tukey, John W},
  journal={The Annals of Mathematical Statistics},
  volume={33},
  number={1},
  pages={1--67},
  year={1962},
  publisher={JSTOR}
}

@article{hubert2008high,
	title={High-breakdown robust multivariate methods},
	author={Hubert, Mia and Rousseeuw, Peter J and Van Aelst, Stefan},
	journal={Statistical Science},
	pages={92--119},
	year={2008},
	publisher={JSTOR}
}

@article{maronna2002robust,
	title={Robust Estimates of Location and Dispersion for High-Dimensional Datasets},
	author={Maronna, Ricardo A and Zamar, Ruben H},
	journal={Technometrics},
	pages={307--317},
	year={2002},
	publisher={JSTOR}
}

@article{rousseeuw1999fast,
	title={A fast algorithm for the minimum covariance determinant estimator},
	author={Rousseeuw, Peter J and Driessen, Katrien Van},
	journal={Technometrics},
	volume={41},
	number={3},
	pages={212--223},
	year={1999},
	publisher={Taylor \& Francis Group}
}

@article{hardin2012distribution,
	title={The distribution of robust distances},
	author={Hardin, Johanna and Rocke, David M},
	journal={Journal of Computational and Graphical Statistics},
	year={2012},
	publisher={Taylor \& Francis}
}

@article{van2008visualizing,
	title={Visualizing data using t-SNE},
	author={Van der Maaten, Laurens and Hinton, Geoffrey},
	journal={Journal of Machine Learning Research},
	volume={9},
	number={2579-2605},
	pages={85},
	year={2008}
}

@article{van2009dimensionality,
	title={Dimensionality reduction: a comparative},
	author={Van Der Maaten, Laurens and Postma, Eric and Van den Herik, Jaap},
	journal={Journal of Machine Learning Research},
	volume={10},
	pages={66--71},
	year={2009}
}

@article{shi2012unsupervised,
	title={Unsupervised learning with random forest predictors},
	author={Shi, Tao and Horvath, Steve},
	journal={Journal of Computational and Graphical Statistics},
	year={2012},
	publisher={Taylor \& Francis}
}

@article{valero2011using,
	title={Using interactive graphics to teach multivariate data analysis to psychology students},
	author={Valero-Mora, Pedro M and Ledesma, Rub{\'e}n D},
	journal={Journal of Statistics Education},
	volume={19},
	number={1},
	pages={1--19},
	year={2011},
	publisher={American Statistical Association. 732 North Washington Street, Alexandria, VA 22314}
}

@article{swayne2003ggobi,
	title={GGobi: evolving from XGobi into an extensible framework for interactive data visualization},
	author={Swayne, Deborah F and Lang, Duncan Temple and Buja, Andreas and Cook, Dianne},
	journal={Computational Statistics \& Data Analysis},
	volume={43},
	number={4},
	pages={423--444},
	year={2003},
	publisher={Elsevier}
}